%CustomStrings.bib
%
%------------------------------------------------------------------------------
%Custom Strings for BIBTEX
%------------------------------------------------------------------------------

%------------------------------------------------------------------------------
%Publishers
%------------------------------------------------------------------------------
@STRING{PUB:WILEY_SONS       = "John Wiley \& Sons, Inc."}
@STRING{PUB:AW               = "Addison Wesley"}
@STRING{PUB:AW_LONGMAN       = "Addison Wesley Longman, Inc."}
@STRING{PUB:OXFORD_UP        = "Oxford University Press"}
@STRING{PUB:PRENTICE         = "Prentice Hall, Inc."}
@STRING{PUB:MCGRAW_HILL      = "McGraw-Hill Companies, Inc."}
@STRING{PUB:CAMBRIDGE_UP     = "Cambridge University Press"}

%------------------------------------------------------------------------------
%Organizations
%------------------------------------------------------------------------------
@STRING{ORG:ADI              = "Analog Devices"}
@STRING{ORG:AVX              = "AVX Corporation"}
@STRING{ORG:RENESAS          = "Renesas"}
@STRING{ORG:TI               = "Texas Instruments"}

%------------------------------------------------------------------------------
%Document Type
%------------------------------------------------------------------------------
@STRING{DOCT:TECHPR          = "Technical Paper"}
@STRING{DOCT:APPNOTE         = "Application Note"}
@STRING{DOCT:APPREP          = "Application Report"}
@STRING{DOCT:TUTORIAL        = "Tutorial"}

%------------------------------------------------------------------------------
%Journal Names
%------------------------------------------------------------------------------
@STRING{JNL:IJHSES           = "International Journal of High Speed Electronics and Systems"}
@STRING{JNL:M_RF             = "Microwaves \& {RF}"}
@STRING{JNL:R_NIST           = "Journal of Research of the National Institute of Standards and Technology"}

%------------------------------------------------------------------------------
%Proceedings
%------------------------------------------------------------------------------
@STRING{PROC:PREFIX          = "Proceedings of the"}
@STRING{PROC:EUMC            = "European Microwave Conference"}
@STRING{PROC:APMC            = "Asia-Pacific Microwave Conference"}
@STRING{PROC:ARFTG_D         = "{ARFTG} Conference Digest"}
@STRING{PROC:BCTM            = "Bipolar Circuits and Technology Meeting"}
@STRING{PROC:CSICS           = "Compound Semiconductor Integrated Circuit Symposium"}
@STRING{PROC:EPEPM           = "Topical Meeting on Electrical Performance Electronic Packaging"}
@STRING{PROC:IEDM_D          = "{IEDM} International Electron Devices Meeting Technical Digest"}
@STRING{PROC:ESSCIRC         = "{ESSCIRC} European Solid-State Circuits Conference"}
@STRING{PROC:ICMTS           = "{ICMTS} International Conference on Microelectronic Test Structures"}
@STRING{PROC:MCMC            = "Multi-Chip Module Conference"}
@STRING{PROC:ISSCC           = "Solid-State Circuits Conference"}
@STRING{PROC:MTT_IMS_D       = "{MTT-S} International Microwave Symposium Digest"}
@STRING{PROC:RFIC            = "{RFIC} Radio Frequency Integrated Circuits Symposium"}
@STRING{PROC:VLSIS           = "Symposium on VLSI Circuits"}

%Last line
