%ReferenceDB.bib
%
%------------------------------------------------------------------------------
%Reference Database
%------------------------------------------------------------------------------


%------------------------------------------------------------------------------
%Articles
%------------------------------------------------------------------------------

@article{pr:Engen_1979,
	author    = "G. F. Engen and C. A. Hoer",
	title     = "{``}Thru-Reflect-Line{"}: An Improved Technique for Calibrating the Dual Six-Port Automatic Network Analyzer",
	journal   = IEEE_J_MTT,
	volume    = "27",
	number    = "12",
	month     = dec,
	year      = "1979",
	pages     = "987-993"
};

@article{pr:Eul_1991,
	author    = "Hermann-Josef Eul and Burkhard Schiek",
	title     = "A Generalized Theory and New Calibration Procedures for Network Analyzer Self-Calibration",
	journal   = IEEE_J_MTT,
	volume    = "39",
	number    = "4",
	month     = apr,
	year      = "1991",
	pages     = "724-731"
};

@article{pr:Marks_1992,
	author    = "Roger B. Marks and Dylan F. Williams",
	title     = "A General Waveguide Circuit Theory",
	journal   = JNL:R_NIST,
	volume    = "97",
	number    = "5",
	month     = sep # "-" # oct,
	year      = "1992",
	pages     = "533-562"
};


%------------------------------------------------------------------------------
%Proceedings
%------------------------------------------------------------------------------


%------------------------------------------------------------------------------
%Books
%------------------------------------------------------------------------------

@book{bk:Collin_1992,
	author    = "Robert E. Collin",
	title     = "Foundations for Microwave Engineering",
	edition   = "Second",
	publisher = PUB:MCGRAW_HILL,
	year      = "1992",
	note      = "{ISBN}: 0-07-011811-6"
};

@book{bk:InanInan_1998,
	author    = "Umran S. Inan and Aziz S. Inan",
	title     = "Engineering Electromagnetics",
	publisher = PUB:AW_LONGMAN,
	year      = "1998",
	note      = "{ISBN}: 0-8053-4423-3"
};

@book{bk:GrayMeyer_2001,
	author    = "Paul R. Gray and Paul J. Hurst and Stephen H. Lewis and Robert G. Meyer",
	title     = "Analysis and Design of Analog Integrated Circuits",
	edition   = "Fourth",
	publisher = PUB:WILEY_SONS,
	year      = "2002",
	note      = "{ISBN}: 0-471-32168-0"
};

@book{bk:Pozar_2005,
	author    = "David M. Pozar",
	title     = "Microwave Engineering",
	edition   = "Second",
	publisher = PUB:WILEY_SONS,
	year      = "2005",
	note      = "{ISBN}: 0-471-44878-8"
};


%------------------------------------------------------------------------------
%Technical Reports
%------------------------------------------------------------------------------
@techreport{tr:Carter_2001,
   author      = "Bruce Carter",
   title       = "How (Not) to Decouple High-Speed Operational Amplifiers",
   institution = ORG:TI,
   type        = DOCT:APPREP,
   year        = "2001",
   month       = "September",
   note        = "{SLOA069}"
};

@techreport{tr:Martin_Dateunkn,
   author      = "Arch Martin",
   title       = "Decoupling: Basics",
   institution = ORG:AVX,
   type        = DOCT:TECHPR,
   note        = "{S-DB2.5M1194-C}"
};

@techreport{tr:ADI_2009,
   title       = "Decoupling Techniques",
   institution = ORG:ADI,
   type        = DOCT:TUTORIAL,
   year        = "2009",
   note        = "{MT-101}"
};

@techreport{tr:Renesas_2011,
   title       = "Choosing and Using Bypass Capacitors",
   institution = ORG:RENESAS,
   type        = DOCT:APPNOTE,
   year        = "2011",
   month       = "October",
   note        = "{AN1325}"
};

@techreport{tr:Zumbahlen_2012,
   author      = "Hank Zumbahlen",
   title       = "Staying Well Grounded",
   institution = ORG:ADI,
   year        = "2012",
   month       = "June",
   note        = "{Analog Dialogue 46-06}"
};

@techreport{tr:Kester_2017,
   author      = "Walt Kester",
   title       = "Grounding and Decoupling: Learn Basics Now and Save Yourself Much Grief Later! ({Part 2: Decoupling})",
   institution = ORG:ADI,
   year        = "2017",
   month       = "April",
   note        = "{Analog Dialogue 51-04}"
};

%------------------------------------------------------------------------------
%Standards
%------------------------------------------------------------------------------


%------------------------------------------------------------------------------
%Electronic
%------------------------------------------------------------------------------


%Last line
